[gd_scene load_steps=12 format=2]

[ext_resource path="res://Assets/Space Shooter Pack/PNG/playerShip2_red.png" type="Texture" id=1]
[ext_resource path="res://Scripts/state_machine.gd" type="Script" id=2]
[ext_resource path="res://Player/Estados/Muerto.gd" type="Script" id=5]
[ext_resource path="res://Player/Estados/Golpeado.gd" type="Script" id=12]
[ext_resource path="res://Player/Estados/Movimiento.gd" type="Script" id=14]
[ext_resource path="res://Player/Estados/Detenido.gd" type="Script" id=15]
[ext_resource path="res://Player/Player.gd" type="Script" id=19]

[sub_resource type="RectangleShape2D" id=1]
extents = Vector2( 30.2476, 26.8437 )

[sub_resource type="Animation" id=2]
resource_name = "Dead"
length = 0.4
tracks/0/type = "value"
tracks/0/path = NodePath(".:modulate")
tracks/0/interp = 1
tracks/0/loop_wrap = true
tracks/0/imported = false
tracks/0/enabled = true
tracks/0/keys = {
"times": PoolRealArray( 0, 0.1, 0.2, 0.3, 0.4 ),
"transitions": PoolRealArray( 1, 1, 1, 1, 1 ),
"update": 0,
"values": [ Color( 1, 1, 1, 1 ), Color( 1, 0.172549, 0.172549, 1 ), Color( 1, 1, 1, 1 ), Color( 1, 0.172549, 0.172549, 1 ), Color( 1, 1, 1, 1 ) ]
}
tracks/1/type = "value"
tracks/1/path = NodePath(".:rotation_degrees")
tracks/1/interp = 1
tracks/1/loop_wrap = true
tracks/1/imported = false
tracks/1/enabled = true
tracks/1/keys = {
"times": PoolRealArray( 0, 0.2, 0.4 ),
"transitions": PoolRealArray( 1, 1, 1 ),
"update": 0,
"values": [ 0.0, 40.0, 0.0 ]
}
tracks/2/type = "method"
tracks/2/path = NodePath(".")
tracks/2/interp = 1
tracks/2/loop_wrap = true
tracks/2/imported = false
tracks/2/enabled = true
tracks/2/keys = {
"times": PoolRealArray( 0.4 ),
"transitions": PoolRealArray( 1 ),
"values": [ {
"args": [  ],
"method": "queue_free"
} ]
}

[sub_resource type="Animation" id=3]
length = 0.4
tracks/0/type = "value"
tracks/0/path = NodePath(".:modulate")
tracks/0/interp = 1
tracks/0/loop_wrap = true
tracks/0/imported = false
tracks/0/enabled = true
tracks/0/keys = {
"times": PoolRealArray( 0, 0.1, 0.2, 0.3, 0.4 ),
"transitions": PoolRealArray( 1, 1, 1, 1, 1 ),
"update": 0,
"values": [ Color( 1, 1, 1, 1 ), Color( 1, 0.172549, 0.172549, 1 ), Color( 1, 1, 1, 1 ), Color( 1, 0.172549, 0.172549, 1 ), Color( 1, 1, 1, 1 ) ]
}
tracks/1/type = "value"
tracks/1/path = NodePath(".:rotation_degrees")
tracks/1/interp = 1
tracks/1/loop_wrap = true
tracks/1/imported = false
tracks/1/enabled = true
tracks/1/keys = {
"times": PoolRealArray( 0, 0.2, 0.4 ),
"transitions": PoolRealArray( 1, 1, 1 ),
"update": 0,
"values": [ 0.0, 40.0, 0.0 ]
}

[sub_resource type="Animation" id=4]
length = 0.6
loop = true
tracks/0/type = "value"
tracks/0/path = NodePath("pivot/Ship:texture")
tracks/0/interp = 1
tracks/0/loop_wrap = true
tracks/0/imported = false
tracks/0/enabled = true
tracks/0/keys = {
"times": PoolRealArray( 0 ),
"transitions": PoolRealArray( 1 ),
"update": 1,
"values": [ ExtResource( 1 ) ]
}

[node name="Player" type="KinematicBody2D" groups=[
"Players",
]]
script = ExtResource( 19 )
speed = 850.0

[node name="pivot" type="Position2D" parent="."]

[node name="Ship" type="Sprite" parent="pivot"]
texture = ExtResource( 1 )

[node name="pos_bullet" type="Position2D" parent="pivot"]
position = Vector2( -40.8605, 0.0721531 )

[node name="pos_bullet2" type="Position2D" parent="pivot"]
position = Vector2( 34.6611, 0.0721531 )

[node name="Collision" type="CollisionShape2D" parent="."]
position = Vector2( -0.0854186, 8.75966 )
shape = SubResource( 1 )

[node name="AnimationPlayer" type="AnimationPlayer" parent="."]
anims/Dead = SubResource( 2 )
anims/Hit = SubResource( 3 )
anims/Player_center = SubResource( 4 )

[node name="StateMachine" type="Node" parent="."]
script = ExtResource( 2 )

[node name="Idle" type="Node" parent="StateMachine"]
script = ExtResource( 15 )

[node name="Move" type="Node" parent="StateMachine"]
script = ExtResource( 14 )

[node name="Hit" type="Node" parent="StateMachine"]
script = ExtResource( 12 )

[node name="Died" type="Node" parent="StateMachine"]
script = ExtResource( 5 )

[node name="time_to_shoot" type="Timer" parent="."]
wait_time = 0.2
one_shot = true
