[gd_scene load_steps=11 format=2]

[ext_resource path="res://Assets/Space Shooter Pack/PNG/Lasers/laserRed01.png" type="Texture" id=1]
[ext_resource path="res://Assets/Space Shooter Pack/PNG/Lasers/laserGreen11.png" type="Texture" id=2]
[ext_resource path="res://Assets/Space Shooter Pack/PNG/Lasers/laserBlue01.png" type="Texture" id=3]
[ext_resource path="res://Bullet/bullet.gd" type="Script" id=4]
[ext_resource path="res://Music/Kenney Game Assets (version 41)/Audio/Retro sounds (35 sounds)/laser1.ogg" type="AudioStream" id=5]
[ext_resource path="res://Assets/light.png" type="Texture" id=11]

[sub_resource type="RectangleShape2D" id=1]
extents = Vector2( 6.45094, 13.7991 )

[sub_resource type="Animation" id=2]
resource_name = "bullet_01"
length = 0.001
tracks/0/type = "value"
tracks/0/path = NodePath("Sprite:texture")
tracks/0/interp = 1
tracks/0/loop_wrap = true
tracks/0/imported = false
tracks/0/enabled = true
tracks/0/keys = {
"times": PoolRealArray( 0 ),
"transitions": PoolRealArray( 1 ),
"update": 1,
"values": [ ExtResource( 1 ) ]
}

[sub_resource type="Animation" id=3]
resource_name = "bullet_02"
length = 0.001
loop = true
tracks/0/type = "value"
tracks/0/path = NodePath("Sprite:texture")
tracks/0/interp = 1
tracks/0/loop_wrap = true
tracks/0/imported = false
tracks/0/enabled = true
tracks/0/keys = {
"times": PoolRealArray( 0 ),
"transitions": PoolRealArray( 1 ),
"update": 1,
"values": [ ExtResource( 2 ) ]
}

[sub_resource type="Animation" id=4]
resource_name = "bullet_03"
length = 0.001
tracks/0/type = "value"
tracks/0/path = NodePath("Sprite:texture")
tracks/0/interp = 1
tracks/0/loop_wrap = true
tracks/0/imported = false
tracks/0/enabled = true
tracks/0/keys = {
"times": PoolRealArray( 0 ),
"transitions": PoolRealArray( 1 ),
"update": 1,
"values": [ ExtResource( 3 ) ]
}

[node name="Bullet" type="Area2D" groups=[
"Bullets",
]]
script = ExtResource( 4 )
velocidad = 1600

[node name="Sprite" type="Sprite" parent="."]
texture = ExtResource( 1 )

[node name="Collision" type="CollisionShape2D" parent="."]
position = Vector2( 0.0227855, -13.3652 )
shape = SubResource( 1 )

[node name="AnimationPlayer" type="AnimationPlayer" parent="."]
anims/bullet_01 = SubResource( 2 )
anims/bullet_02 = SubResource( 3 )
anims/bullet_03 = SubResource( 4 )

[node name="VisibilityNotifier2D" type="VisibilityNotifier2D" parent="."]
position = Vector2( -0.209348, 2.07368 )
scale = Vector2( 0.0893386, 0.171098 )

[node name="Light2D" type="Light2D" parent="."]
texture = ExtResource( 11 )
texture_scale = 3.0
color = Color( 1, 0.345098, 0.0901961, 1 )
range_layer_min = -2

[node name="Start" type="AudioStreamPlayer" parent="." groups=[
"sfx",
]]
stream = ExtResource( 5 )
volume_db = -40.0
[connection signal="body_entered" from="." to="." method="_on_Bala_body_entered"]
[connection signal="screen_exited" from="VisibilityNotifier2D" to="." method="_on_VisibilityNotifier2D_screen_exited"]
